<?xml version="1.0" encoding="UTF-8"?><collection xmlns="http://www.loc.gov/MARC21/slim"><record><leader>00399nam--2200133-i-4500</leader><controlfield tag="001">000013224</controlfield><controlfield tag="002">20161230</controlfield><controlfield tag="005">20161230201030</controlfield><controlfield tag="008">060222s1000------------r-----000-0-eng-d</controlfield><datafield ind1=" " ind2=" " tag="100"><subfield code="a">Blackborow, J.R</subfield></datafield><datafield ind1=" " ind2=" " tag="245"><subfield code="a">Young, d</subfield></datafield><datafield ind1=" " ind2=" " tag="260"><subfield code="a">Metal Vapour Synthesis In Organometallic Chemi Stry. With 36 Figures And 32 Tables</subfield></datafield><datafield ind1=" " ind2=" " tag="490"><subfield code="a">Reactivity And Structure Concepts In Organic Chemistry</subfield></datafield><datafield ind1=" " ind2=" " tag="852"><subfield code="a">547.25</subfield></datafield></record></collection>